

@article{DBLP:journals/corr/abs-1906-02691,
  author       = {Diederik P. Kingma and
                  Max Welling},
  title        = {An Introduction to Variational Autoencoders},
  journal      = {CoRR},
  volume       = {abs/1906.02691},
  year         = {2019},
  url          = {http://arxiv.org/abs/1906.02691},
  eprinttype    = {arXiv},
  eprint       = {1906.02691},
  timestamp    = {Thu, 13 Jun 2019 13:36:00 +0200},
  biburl       = {https://dblp.org/rec/journals/corr/abs-1906-02691.bib},
  bibsource    = {dblp computer science bibliography, https://dblp.org}
}

@misc{goodfellow2014generative,
      title={Generative Adversarial Networks}, 
      author={Ian J. Goodfellow and Jean Pouget-Abadie and Mehdi Mirza and Bing Xu and David Warde-Farley and Sherjil Ozair and Aaron Courville and Yoshua Bengio},
      year={2014},
      eprint={1406.2661},
      archivePrefix={arXiv},
      primaryClass={stat.ML}
}

@misc{VAE-notes,
    title={Lecture notes on variational auto-encoders (VAEs)},
    url={https://scientia.doc.ic.ac.uk/api/resources/12423/file/N08_VAE.pdf},
    author={Yingzhen Li}
}

@misc{GAN-notes,
    title={Lecture notes on generative adversarial networks (GANs)},
    url={https://scientia.doc.ic.ac.uk/api/resources/12424/file/N09_GAN.pdf},
    author={Yingzhen Li}
}

