@misc{towardsdatascienceNeuralNetworks,
	author = {Milind Sahay},
	title = {{N}eural {N}etworks and the {U}niversal {A}pproximation {T}heorem --- towardsdatascience.com},
	howpublished = {\url{https://towardsdatascience.com/neural-networks-and-the-universal-approximation-theorem-8a389a33d30a}},
	year = {},
	note = {[Accessed 27-01-2024]},
}

@misc{visiondummyCurseDimensionality,
	author = {},
	title = {{T}he {C}urse of {D}imensionality in {C}lassification --- visiondummy.com},
	howpublished = {\url{https://www.visiondummy.com/2014/04/curse-dimensionality-affect-classification/}},
	year = {},
	note = {[Accessed 27-01-2024]},
}

@misc{stackexchangeMathematicalDemonstration,
	author = {},
	title = {{M}athematical demonstration of the distance concentration in high dimensions --- stats.stackexchange.com},
	howpublished = {\url{https://stats.stackexchange.com/questions/451027/mathematical-demonstration-of-the-distance-concentration-in-high-dimensions}},
	year = {},
	note = {[Accessed 27-01-2024]},
}

@misc{youtubeConvolutionsProbability,
	author = {Three Blue One Brown},
	title = {{C}onvolutions | {W}hy {X}+{Y} in probability is a beautiful mess --- youtube.com},
	howpublished = {\url{https://www.youtube.com/watch?v=IaSGqQa5O-M}},
	year = {2023},
	note = {[Accessed 27-01-2024]},
}

@misc{youtubeMakingConvolutional,
	author = {},
	title = {{M}aking {C}onvolutional {N}etworks {S}hift-{I}nvariant {A}gain ({A}ug 2019) --- youtube.com},
	howpublished = {\url{https://www.youtube.com/watch?v=eZa56DqXTHg}},
	year = {},
	note = {[Accessed 27-01-2024]},
}