@article{U-Net,
  author       = {Olaf Ronneberger and
                  Philipp Fischer and
                  Thomas Brox},
  title        = {U-Net: Convolutional Networks for Biomedical Image Segmentation},
  journal      = {CoRR},
  volume       = {abs/1505.04597},
  year         = {2015},
  url          = {http://arxiv.org/abs/1505.04597},
  eprinttype    = {arXiv},
  eprint       = {1505.04597},
  timestamp    = {Mon, 13 Aug 2018 16:46:52 +0200},
  biburl       = {https://dblp.org/rec/journals/corr/RonnebergerFB15.bib},
  bibsource    = {dblp computer science bibliography, https://dblp.org},
}

@article{3D-U-Net,
  author       = {{\"{O}}zg{\"{u}}n {\c{C}}i{\c{c}}ek and
                  Ahmed Abdulkadir and
                  Soeren S. Lienkamp and
                  Thomas Brox and
                  Olaf Ronneberger},
  title        = {3D U-Net: Learning Dense Volumetric Segmentation from Sparse Annotation},
  journal      = {CoRR},
  volume       = {abs/1606.06650},
  year         = {2016},
  url          = {http://arxiv.org/abs/1606.06650},
  eprinttype    = {arXiv},
  eprint       = {1606.06650},
  timestamp    = {Mon, 13 Aug 2018 16:47:29 +0200},
  biburl       = {https://dblp.org/rec/journals/corr/CicekALBR16.bib},
  bibsource    = {dblp computer science bibliography, https://dblp.org}
}

@article{H-DenseUNet,
  author       = {Xiaomeng Li and
                  Hao Chen and
                  Xiaojuan Qi and
                  Qi Dou and
                  Chi{-}Wing Fu and
                  Pheng{-}Ann Heng},
  title        = {H-DenseUNet: Hybrid Densely Connected UNet for Liver and Liver Tumor
                  Segmentation from {CT} Volumes},
  journal      = {CoRR},
  volume       = {abs/1709.07330},
  year         = {2017},
  url          = {http://arxiv.org/abs/1709.07330},
  eprinttype    = {arXiv},
  eprint       = {1709.07330},
  timestamp    = {Tue, 13 Dec 2022 14:39:02 +0100},
  biburl       = {https://dblp.org/rec/journals/corr/abs-1709-07330.bib},
  bibsource    = {dblp computer science bibliography, https://dblp.org},
}


@article{UNet++,
  author       = {Zongwei Zhou and
                  Md Mahfuzur Rahman Siddiquee and
                  Nima Tajbakhsh and
                  Jianming Liang},
  title        = {UNet++: {A} Nested U-Net Architecture for Medical Image Segmentation},
  journal      = {CoRR},
  volume       = {abs/1807.10165},
  year         = {2018},
  url          = {http://arxiv.org/abs/1807.10165},
  eprinttype    = {arXiv},
  eprint       = {1807.10165},
  timestamp    = {Mon, 13 Aug 2018 16:46:03 +0200},
  biburl       = {https://dblp.org/rec/journals/corr/abs-1807-10165.bib},
  bibsource    = {dblp computer science bibliography, https://dblp.org},
}

@article{nnU-Net,
  author       = {Fabian Isensee and
                  Jens Petersen and
                  Andr{\'{e}} Klein and
                  David Zimmerer and
                  Paul F. Jaeger and
                  Simon Kohl and
                  Jakob Wasserthal and
                  Gregor K{\"{o}}hler and
                  Tobias Norajitra and
                  Sebastian J. Wirkert and
                  Klaus H. Maier{-}Hein},
  title        = {nnU-Net: Self-adapting Framework for U-Net-Based Medical Image Segmentation},
  journal      = {CoRR},
  volume       = {abs/1809.10486},
  year         = {2018},
  url          = {http://arxiv.org/abs/1809.10486},
  eprinttype    = {arXiv},
  eprint       = {1809.10486},
  timestamp    = {Tue, 15 Jun 2021 14:13:20 +0200},
  biburl       = {https://dblp.org/rec/journals/corr/abs-1809-10486.bib},
  bibsource    = {dblp computer science bibliography, https://dblp.org}
}



@article{Graph-U-Net,
  author       = {Hongyang Gao and
                  Shuiwang Ji},
  title        = {Graph U-Nets},
  journal      = {CoRR},
  volume       = {abs/1905.05178},
  year         = {2019},
  url          = {http://arxiv.org/abs/1905.05178},
  eprinttype    = {arXiv},
  eprint       = {1905.05178},
  timestamp    = {Tue, 28 May 2019 12:48:08 +0200},
  biburl       = {https://dblp.org/rec/journals/corr/abs-1905-05178.bib},
  bibsource    = {dblp computer science bibliography, https://dblp.org},
}

