@book{book-speech-and-language-processing,
  author         = {Dan Jurafsky and James H. Martin },
  title          = {Speech and Language Processing},
  year           = {2023},
  url            = {https://web.stanford.edu/~jurafsky/slp3/}
}

@book{git-natural-language-processing,
  author         = {Jacob Eisenstein},
  title          = {Natural Language Processing},
  year           = {2018},
  url            = {https://github.com/jacobeisenstein/gt-nlp-class/blob/master/notes/eisenstein-nlp-notes.pdf},
}

@book{primer-on-nlp,
  author         = {Yoav Goldberg},
  editor         = {},
  publisher      = {},
  title          = {A Primer on Neural Network Models for Natural Language Processing},
  year           = {2015},
  url            = {https://u.cs.biu.ac.il/~yogo/nnlp.pdf},
}

@article{AI-modern-approach-slutions,
  author          = {Stuart Russell and Peter Norvig},
  title           = {Artificial Intelligence: A Modern Approach, 4th US ed. ANSWERS},
  url             = {http://aima.cs.berkeley.edu/},
}

@book{AI-modern-approach,
  author         = {Stuart Russell and Peter Norvig},
  title          = {Artificial Intelligence: A Modern Approach (Pearson Series in Artifical Intelligence)},
  year           = {2020}
}

@book{tom-mitchell-book,
  author         = {Tom Mitchell},
  editor         = {},
  publisher      = {},
  title          = {Machine Learning},
  year           = {1997},
  url            = {https://www.cs.cmu.edu/~tom/mlbook.html},
}

@book{Goodfellow-et-al-2016,
    title={Deep Learning},
    author={Ian Goodfellow and Yoshua Bengio and Aaron Courville},
    publisher={MIT Press},
    note={\url{http://www.deeplearningbook.org}},
    year={2016}
}

@book{intro-to-dl-eugene-charniak,
  author         = {Eugene Charniak},
  editor         = {},
  publisher      = {},
  title          = {Introduction to Deep Learning},
  year           = {2019}
}

@article{papers-with-code,
  title           = {Browse State-of-the-Art},
  url             = {https://paperswithcode.com/sota},
}

@article{track-progress-nlp,
  title           = {Track the progress in Natural Language Processing },
  url             = {https://github.com/sebastianruder/NLP-progress},
}

@tool{wordnet-how-to,
  url={https://www.nltk.org/howto/wordnet.html},
  title={Sample usage for wordnet}
}


@Article{WordSenseDisambiguation,
AUTHOR = {Orkphol, Korawit and Yang, Wu},
TITLE = {Word Sense Disambiguation Using Cosine Similarity Collaborates with Word2vec and WordNet},
JOURNAL = {Future Internet},
VOLUME = {11},
YEAR = {2019},
NUMBER = {5},
ARTICLE-NUMBER = {114},
URL = {https://www.mdpi.com/1999-5903/11/5/114},
ISSN = {1999-5903},
DOI = {10.3390/fi11050114}
}

@misc{CBOW-and-skipgram,
      title={Efficient Estimation of Word Representations in Vector Space}, 
      author={Tomas Mikolov and Kai Chen and Greg Corrado and Jeffrey Dean},
      year={2013},
      eprint={1301.3781},
      archivePrefix={arXiv},
      primaryClass={cs.CL}
}


